<record><leader>00000cas a22000007a 4500</leader><controlfield tag="001">16854992</controlfield><controlfield tag="008">871015d191319uuinuwr ne      0    0eng d</controlfield><datafield ind1=" " ind2=" " tag="010"><subfield code="a">sn 87056798 </subfield></datafield><datafield ind1=" " ind2=" " tag="040"><subfield code="a">NPI</subfield><subfield code="b">eng</subfield><subfield code="c">NPI</subfield><subfield code="d">OCLCQ</subfield></datafield><datafield ind1=" " ind2=" " tag="042"><subfield code="a">msc</subfield></datafield><datafield ind1="0" ind2="4" tag="245"><subfield code="a">The Owensville star-echo.</subfield></datafield><datafield ind1=" " ind2=" " tag="260"><subfield code="a">Owensville, Ind. :</subfield><subfield code="b">E.D. Hulfish</subfield></datafield><datafield ind1=" " ind2=" " tag="310"><subfield code="a">Weekly</subfield></datafield><datafield ind1=" " ind2=" " tag="588"><subfield code="a">Description based on: Vol. 16, no. 22 (May 8, 1913).</subfield></datafield><datafield ind1=" " ind2=" " tag="588"><subfield code="a">Latest issue consulted: Vol. 20, no. 34 (Aug. 17, 1917)</subfield></datafield><datafield ind1=" " ind2=" " tag="752"><subfield code="a">United States</subfield><subfield code="b">Indiana</subfield><subfield code="c">Gibson</subfield><subfield code="d">Owensville.</subfield></datafield><datafield ind1="0" ind2="4" tag="780"><subfield code="t">Gibson County star</subfield><subfield code="w">(DLC)sn 87056797</subfield></datafield><datafield ind1="0" ind2="4" tag="780"><subfield code="t">New echo</subfield><subfield code="w">(DLC)sn 87056795</subfield></datafield><datafield ind1="0" ind2="0" tag="785"><subfield code="t">Star-echo</subfield><subfield code="w">(DLC)sn 86058810</subfield></datafield></record>